@inproceedings{Findlater:2011,
 author = {Findlater, Leah and Wobbrock, Jacob O. and Wigdor, Daniel},
 title = {Typing on flat glass: examining ten-finger expert typing patterns on touch surfaces},
 booktitle = {Proceedings of the 2011 annual conference on Human factors in computing systems},
 series = {CHI '11},
 year = {2011},
 isbn = {978-1-4503-0228-9},
 location = {Vancouver, BC, Canada},
 pages = {2453--2462},
 numpages = {10},
 url = {http://doi.acm.org/10.1145/1978942.1979301},
 doi = {http://doi.acm.org/10.1145/1978942.1979301},
 acmid = {1979301},
 publisher = {ACM},
 address = {New York, NY, USA},
 keywords = {multi-touch input, tabletop computing, touch-typing, user study},
} 

@article{motomura:2000-11-15,
author="本村 憲史 and 橋本 誠志 and 井上 明 and 金田 重郎",
title="ネットワーク上での情報統合に対するプライバシー保護($<$特集$>$:電子化知的財産・社会基盤)",
journal="情報処理学会論文誌",
ISSN="03875806",
publisher="一般社団法人情報処理学会",
year="2000-11-15",
volume="41",
number="11",
pages="2985-3000",
URL="http://ci.nii.ac.jp/naid/110002725582/",
DOI="",
}

@misc{ipsj-thesisformat,
author="情報処理学会の誰か",
title="情報処理学会論文誌 (IPSJ Journal) 原稿執筆案内",
howpublished="\url{http://www.ipsj.or.jp/08editt/journal/shippitsu/ronbunJ-prms.pdf}",
publisher="一般社団法人 情報処理学会",
year="2008-09-01",
URL={http://www.ipsj.or.jp/08editt/journal/shippitsu/ronbunJ-prms.pdf},
DOI="",
}
