@inproceedings{Findlater:2011,
	author = {Findlater, Leah and Wobbrock, Jacob O. and Wigdor, Daniel},
	title = {Typing on flat glass: examining ten-finger expert typing patterns on touch surfaces},
	booktitle = {Proceedings of the 2011 annual conference on Human factors in computing systems},
	series = {CHI '11},
	year = {2011},
	isbn = {978-1-4503-0228-9},
	location = {Vancouver, BC, Canada},
	pages = {2453--2462},
	numpages = {10},
	url = {http://\ab{}doi.acm.org/10.1145/1978942.1979301},
	doi = {http://\ab{}doi.acm.org/10.1145/1978942.1979301},
	acmid = {1979301},
	publisher = {ACM},
	address = {New York, NY, USA},
	keywords = {multi-touch input, tabletop computing, touch-typing, user study},
}


@misc{kasperskyBio,
	title="{Do We Have To Tust Biometric Authentication -Kaspersky Daily | We use words to save the world | Kaspersky Lab Official Blog}",
	note={入手先〈\texttt{http://\ab{}blog.\ab{}kaspersky.\ab{}com/\ab{}biometric-\ab{}authentication/}〉},
	year={2014-01-28},
}

@misc{ipa07Outline,
	title="{IPA 独立行政法人 情報処理推進機構：コンピュータウイルス・不正アクセスの届出状況[6月分および上半期]について}",
	note={入手先〈\texttt{http://\ab{}www.ipa.go.jp/\ab{}security/\ab{}txt/2012/07outline.html}〉},
	year={2014-01-26},
}

@misc{lifehacker2F,
	title="{Here's Everywhere You Should Enable Two-Factor Authentication Right Now}",
	note={入手先〈\texttt{http://\ab{}lifehacker.com/5938565/\ab{}heres-everywhere-\ab{}you-\ab{}should-\ab{}enable-two+factor-\ab{}authentication-\ab{}right-now}〉},
	year={2014-01-26},
}


@misc{google,
	title="{Google 2-Step Verification}",
	note={入手先〈\texttt{http://\ab{}www.google.com/landing/2step/}〉},
	year={2014-01-18},
}


@misc{dropbox,
	title="{How do I enable two-step verification on my account? - Dropbox}",
	note={入手先〈\texttt{https://\ab{}www.dropbox.com/help/363}〉},
	year={2014-01-15},
}

@misc{evernote,
	title="{Two-Step Verification Available to All Users | Evernote BlogEvernote Blog}",
	note={入手先〈\texttt{http://\ab{}blog.evernote.com/blog/2013/10/04/\ab{}two-\ab{}step-\ab{}verification-\ab{}available-to-all-users/}〉},
	year={2014-01-15},
}

@misc{japannet2F,
	title="{ワンタイムパスワードのご案内｜ジャパンネット銀行}",
	note={入手先〈\texttt{http://\ab{}www.japannetbank.co.jp/security/security/otp.html}〉},
	year={2014-01-15},
}

@misc{googleAuthenticatorCode,
	title="{google-authenticator - Two-step verification - Google Project Hosting}",
	note={入手先〈\texttt{https://code.google.com/p/google-authenticator/}〉},
	year={2014-01-28},
}


@misc{rfc4226,
	title="{RFC 4226 - HOTP: An HMAC-Based One-Time Password Algorithm}",
	note={入手先〈\texttt{http://\ab{}tools.ietf.org/html/rfc4226}〉},
	year={2014-01-26},
}

@misc{rfc6238,
	title="{RFC 6238 - TOTP: Time-Based One-Time Password Algorithm}",
	note={入手先〈\texttt{http://\ab{}tools.ietf.org/html/rfc6238}〉},
	year={2014-01-26},
}

@misc{keishichoSmartphone,
	title="{スマートフォンを利用している方へ：警視庁}",
	note={入手先〈\texttt{http://\ab{}www.keishicho.\ab{}metro.tokyo.jp/\ab{}haiteku/\ab{}haiteku/\ab{}haiteku414.htm}〉（参照2014-02-02）}
}
@misc{applock,
	title="{AppLock}",
	note={入手先〈\texttt{https://\ab{}play.google.\ab{}com/\ab{}store/\ab{}apps/\ab{}details?id=\ab{}com.domobile.\ab{}applock}〉（参照2014-02-02）}
}
@misc{hiddenLock,
	title="{Hidden Lock}",
	note={入手先〈\texttt{https://\ab{}play.google.\ab{}com/\ab{}store/\ab{}apps/\ab{}details?id=\ab{}tv.marinelli.\ab{}android.\ab{}HiddenLock}〉（参照2014-02-02）}
}

@misc{passboard,
	title="{PASSBAN}",
	note={入手先〈\texttt{http://\ab{}www.passban.com/}〉（参照2014-01-25）}
}
@misc{authy,
	title="{Authy}",
	note={入手先〈\texttt{https://\ab{}www.authy.com/}〉},
	year={2014-01-25},
}

@misc{battlenet2F,
	title="{Battle.net Authenticator - Battle.net Support}",
	note={入手先〈\texttt{https://\ab{}us.\ab{}battle.\ab{}net/\ab{}support/en/article/\ab{}battlenet-authenticator}〉},
	year={2014-01-15},
}

@misc{soumuWhitepaper2013Social,
	title="{ソーシャルメディアの利用状況 ： 平成23年版 情報通信白書}",
	note={入手先〈\texttt{http://\ab{}www.soumu.go.jp/johotsusintokei/\ab{}whitepaper/ja/h23/html/\ab{}nc232310.html}〉},
	year={2014-01-25},
}

@misc{twitterProtected,
	title="{Twitter Help Center | About public and protected Tweets}",
	note={入手先〈\texttt{https://\ab{}support.twitter.com/entries/14016}〉},
	year={2014-01-18},
}

@misc{facebookTagging,
	title="{Making Photo Tagging Easier - Facebook}",
	note={入手先〈\texttt{https://\ab{}www.\ab{}facebook.\ab{}com/\ab{}notes/\ab{}facebook/\ab{}making-\ab{}photo-\ab{}tagging-\ab{}easier/\ab{}467145887130}〉},
	year={2014-01-28},
}

@article{田村健範:2011-07-14,
	author={田村 健範 and 鶴丸 和宏 and 市野 将嗣 and 小松 尚久},
	title="{Web閲覧履歴情報に着目したライフログによる本人認証に関する一考察デジタルドキュメント,ラフログ活用技術,オフィス情報システム,一般)}",
	journal={電子情報通信学会技術研究報告. LOIS, ライフインテリジェンスとオフィス情報システム},
	ISSN={09135685},
	publisher={一般社団法人電子情報通信学会},
	year={2011},
	month={jul},
	volume={111},
	number={152},
	pages={19-24},
	URL={http://\ab{}ci.nii.ac.jp/naid/110008800660/},
	DOI={},
}

@article{長谷容子:2004-08-20,
	author={長谷 容子 and 青木 輝勝 and 安田 浩},
	title="{M-068 スケジュールとGPS情報を利用した認証方法の検討M.ネットワーク・モバイコンピューティング)}",
	journal={情報科学技術フォーラム一般講演論文集},
	ISSN={},
	publisher={FIT電子情報通信学会・情報処学会)運営委員会},
	year={2004},
	month={aug},
	volume={3},
	number={4},
	pages={235-236},
	URL={http://\ab{}ci.nii.ac.jp/naid/110007684272/},
	DOI={},
}

@article{imazawa:2008-10-08,
	author={今澤 貴夫 and 小池 英樹 and 高田 哲司},
	title="{GPSデータを用いた位置認証システムとその停留点算出方式}",
	journal={情報処理学会シンポジウム論文集},
	ISSN={13440640},
	publisher={一般社団法人情報処理学会},
	year={2008-10-08},
	volume={2008},
	number={8},
	pages={707-712},
	URL={http://\ab{}jglobal.jst.go.jp/public/20090422/200902265726400127},
	DOI={},
}

@article{西垣正勝:2006-03-15,
	author={西垣 正勝 and 小池 誠},
	title="{ユーザの生活履歴を用いた認証方式 : 電子メール履歴認証システムネットワークセキュリティ}",
	journal={情報処理学会論文誌},
	ISSN={03875806},
	publisher={一般社団法人情報処理学会},
	year={2006},
	month={mar},
	volume={47},
	number={3},
	pages={945-956},
	URL={http://\ab{}ci.nii.ac.jp/naid/110004708852/},
	DOI={},
}

@conference{nemoto:2006-03-15,
	author={Tomofumi Nemoto and Kyohei Furukawa and Manabu Okamoto},
	title="{Poster: Knowledge-Based Authentication using Twitter}",
	series={Symposium On Usable Privacy and Security 2011},
	year={2011},
	location={Pittsburgh, PA, USA},
	howpublished={oral/poster},
	URL={http://\ab{}cups.cs.cmu.edu/soups/2011/posters/soups\_posters-Nemoto.pdf},
	DOI={},
}

@misc{macromillFacebookReport,
	title="{2012年 Facebookユーザ500人 利用実態調査｜マクロミル}",
	note={入手先〈\texttt{http://\ab{}www.macromill.com/r\_data/20120315facebook/}〉},
	year={2014-01-28},
}

@misc{kantarWorldPanelSmartphoneOS,
	title="{News - Windows sees strong European growth - Kantar Worldpanel}",
	note={入手先〈\texttt{http://\ab{}www.kantarworldpanel.com/global/News/\ab{}news-articles/\ab{}Windows-\ab{}sees-strong-European-growth}〉},
	year={2014-01-28},
}

@inproceedings{Yamane:2011:SOG:2021672.2021743,
	author = {Yamane, Shinji R.},
	title = {Secure Online Game Play with Token: A Case Study in the Design of Multi-factor Authentication Device},
	booktitle = {Proceedings of the 2Nd International Conference on Human Centered Design},
	series = {HCD'11},
	year = {2011},
	isbn = {978-3-642-21752-4},
	location = {Orlando, FL, USA},
	pages = {597--605},
	numpages = {9},
	url = {http://\ab{}dl.acm.org/citation.cfm?id=2021672.2021743},
	acmid = {2021743},
	publisher = {Springer-Verlag},
	address = {Berlin, Heidelberg},
}

@article{DBLP:journals/corr/CristofaroDFN13,
	author    = {Emiliano De Cristofaro and
	           Honglu Du and
	           Julien Freudiger and
	           Gregory Norcie},
	title     = {Two-Factor or not Two-Factor? A Comparative Usability Study
	           of Two-Factor Authentication},
	journal   = {CoRR},
	volume    = {abs/1309.5344},
	year      = {2013},
	ee        = {http://\ab{}arxiv.org/abs/1309.5344},
	bibsource = {DBLP, http://\ab{}dblp.uni-trier.de}
}

@article{Schneier:2005:TAT:1053291.1053327,
 author = {Schneier, Bruce},
 title = {Two-factor Authentication: Too Little, Too Late},
 journal = {Commun. ACM},
 issue_date = {April 2005},
 volume = {48},
 number = {4},
 month = apr,
 year = {2005},
 issn = {0001-0782},
 pages = {136--},
 url = {http://\ab{}doi.acm.org/10.1145/1053291.1053327},
 doi = {10.1145/1053291.1053327},
 acmid = {1053327},
 publisher = {ACM},
 address = {New York, NY, USA},
}

@misc{21password,
	title="{Imperva Releases Detailed Analysis of 32 f Breached Consumer Passwords}",
	note={入手先〈\texttt{http://\ab{}www.imperva.com/news/press/2010/\ab{}01\_21\_\ab{}imperva\_\ab{}releases\_\ab{}detailed\_analysis\_of\_32\_million\_passwords.html}〉},
	year={2014-01-28},
}

@misc{idcsmartphone,
	author={IDC Japan},
	title="{国内モバイル／クライアントコンピューティング機器 家庭ユーザー利用実態調査結果を発表}",
	publisher={IDC Japan株式会社},
	note={入手先〈\texttt{http://\ab{}www.idcjapan.co.jp/\ab{}Press/\ab{}Current/\ab{}20131003Apr.html}〉（参照2013-01-14）}
}

@misc{micwhitepaper24,
	author={総務省},
	title="{情報通信白書平成24年版}",
	publisher={Ministry of Internal Affairs and Communications},
	note={入手先〈\texttt{http://\ab{}www.soumu.go.jp/\ab{}johotsu\ab{}sintokei/\ab{}whitepaper/\ab{}h24.html}〉},
	year={2013},
	DOI={},
}

@misc{978-4641121607,
	author={南風原 朝和},
	title="{心理統計学の基礎―統合的理解のために}",
	ISBN={978-4641121607},
	year={2002-08},
}

@conference{kaneko:2013-01-22,
	author={兼子 拓弥 and 本部 栄成 and 西垣 正勝},
	title="{ユーザ認証においてユーザが覚えるべき秘密情報のエントロピに関する一考察}",
	series={Symposium On Cryptography and Information Security 2013},
	year={2013},
	location={Kyoto, Japan},
	howpublished={oral/poster},
	DOI={},
}

